\nocite{*}

@misc{stacks-project,
   shorthand    = {Stacks},
    author       = {The Stacks Project Authors},
    title        = {\textit{Stacks Project}},
    howpublished = {https://stacks.math.columbia.edu},
    year         = {2021},
    note={}
  }

%This is good:
%BOOKS:

%book{L02,
%   author = {Serge Lang},
%   year = {2002},
%   title = {Algebra},
%   publisher = {Springer-Verlag},
%   series={Graduate Texts in Mathematics},
%   address = {New York},
%   number = {},
%   volume = {211},
%   edition = {revised 3rd},
%   note = {Originally published by Addison-Wesley, 1993}
%}


%book{SI94,
%   author = {Saunders Mac Lane and Ieke Moerdijk},
%   year = {1994},
%   title = {Sheaves in Geometry and Logic. A First Introduction to Topos Theory},
%   publisher = {Springer-Verlag},
%   series={Universitext},
%   address = {New York},
%   number = {},
%   volume = {},
%   edition = {},
%   note = {}
%}

@book{BGR84,
   author = {Siegfried Bosch and Ulrich G\"untzer and Reinhold Remmert},
   year = {1984},
   title = {Non-Archimedean Analysis. A Systematic Approach to Rigid Analytic Geometry},
   publisher = {Springer-Verlag},
   series={Grundlehren der Mathematischen Wissenschaften},
   address = {Berlin},
   number = {},
   volume={261},
   edition = {},
   note = {}
}


@book{GR03,
   author = {Ofer Gabber and Lorenzo Ramero},
   year = {2003},
   title = {Almost Ring Theory},
   publisher = {Springer-Verlag},
   series={Lecture Notes in Mathematics},
   address = {Berlin},
   number = {},
   volume={1800},
   edition = {},
   note = {}
}


@book{SW20,
   author = {Peter Scholze and Jared Weinstein},
   year = {2020},
   title = {Berkeley Lectures on p-adic Geometry},
   publisher = {Princeton University Press},
   series={Annals of Mathematics Studies},
   address = {Princeton},
   number = {207},
   volume={},
   edition = {},
   note = {}

}



@book{B94,
   author = {Francis Borceux},
   year = {1994},
   title = {Handbook of Categorical Algebra 1. Basic Category Theory},
   publisher = {Cambridge University Press},
   series={Encyclopedia of Mathematics and its Applications},
   address = {Cambridge},
   number = {},
   volume={50},
   edition = {},
   note = {}

}



@book{Popescu73,
   author = {Nicolae Popescu},
   year = {1973},
   title = {Abelian Categories with Applications to Rings and Modules},
   publisher = {Academic Press},
   series={London Mathematical Society Monographs},
   address = {London},
   number = {3},
   volume={},
   edition = {},
   note = {}

}



@book{K88,
   author = {Gregory Karpilovsky},
   year = {1988},
   title = {Field Theory: Classical Foundations and Multiplicative Groups},
   publisher = {Marcel Dekker},
   series={Monographs and Textbooks in Pure and Applied Mathematics},
   address = {New York},
   number = {},
   volume={120},
   edition = {},
   note = {}
}

@incollection{Hazewinkel09,
   author={Michiel Hazewinkel},
   year={2009},
   title={Witt vectors. Part 1},
   booktitle={Handbook of Algebra},
   editor={Michiel Hazewinkel},   
   chapter={},
   pages={319-472},
   publisher={North-Holland},
   series={Handbook of Algebra},
   number={},
   volume={6},
   address={Amsterdam},
   edition = {},
   note = {}
}


@inproceedings{Vistoli05,
   author={Angelo Vistoli},
   year={2005},
   title={Grothendieck topologies, fibered categories and descent theory},
   booktitle={Fundamental Algebraic Geometry. Grothendieck’s FGA Explained},
   editor={Barbara Fantechi},
   chapter={1-4},
   pages={1-104},
   publisher={American Mathematical Society},
   organization={},
   series={Mathematical Surveys and Monographs},
   number={},
   volume={123},
   address={Providence},
   edition = {},
   note = {}
}



@book{Artin71,
   author = {Michael Artin},
   year = {1971},
   title = {Algebraic Spaces},
   publisher = {Yale University Press},
   series={Yale Mathematical Monographs},
   address = {New Haven},
   number = {3},
   volume={},
   edition = {},
   note = {}
}


@book{Artin62,
   author = {Michael Artin},
   year = {1962},
   title = {Grothendieck Topologies. Notes on a Seminar},
   publisher = {Harvard University, Department of Mathematics},
   series={},
   address = {Cambridge},
   number = {},
   volume={},
   edition = {},
   note = {}
}

%%book{W79,
   %author = {William C. Waterhouse},
   %year = {1979},
   %title = {Introduction to Affine Group Schemes},
   %publisher = {Springer-Verlag},
   %series={Graduate Texts in Mathematics},
   %address = {New York},
   %number = {},
   %volume={66},
   %edition = {},
   %note = {}
%}

@book{Tamme94,
   author = {G\"unter Tamme},
   year = {1994},
   title = {Introduction to \'{E}tale Cohomology},
   publisher = {Springer-Verlag},
   series={Universitext},
   address = {Berlin},
   number = {},
   volume={},
   edition = {},
   note = {Translated by Manfred Kolster}
}

@book{Johnstone77,
   author = {Peter T. Johnstone},
   year = {1977},
   title = {Topos Theory},
   publisher = {Academic Press},
   series={London Mathematical Society Monographs},
   address = {London},
   number = {10},
   volume={},
   edition = {},
   note = {}

}

@book{Hazewinkel78,
   author = {Michiel Hazewinkel},
   year = {1978},
   title = {Formal Groups and Applications},
   publisher = {Academic Press},
   series={Pure and Applied Mathematics},
   address = {London},
   number = {},
   volume={78},
   edition = {},
   note = {}

}
@book{Lang78,
   author = {Serge Lang},
   year = {1978},
   title = {Cyclotomic Fields},
   publisher = {Springer-Verlag},
   series={Graduate Texts in Mathematics},
   address = {New York},
   number = {},
   volume = {59},
   edition = {},
   note = {}
}


@book{Knutson71,
   author = {Donald Knutson},
   year = {1971},
   title = {Algebraic Spaces},
   publisher = {Springer-Verlag},
   series={Lecture Notes in Mathematics},
   address = {Berlin},
   number = {},
   volume={203},
   edition = {},
   note = {}
}



@book{Huber96,
   author = {Roland Huber},
   year = {1996},
   title = {\'{E}tale Cohomology of Rigid Analytic Varieties and Adic Spaces},
   publisher = {Friedr. Vieweg \& Sohn},
   series={Aspects of Mathematics},
   address = {Braunschweig},
   number = {},
   volume={30},
   edition = {},
   note = {}
}


@book{FK18,
   author = {Kazuhiro Fujiwara and Fumiharu Kato},
   year = {2018},
   title = {Foundations of Rigid Geometry I},
   publisher = {European Mathematical Society},
   series={EMS Monographs in Mathematics},
   address = {Zürich},
   number = {},
   volume={},
   edition = {},
   note = {}
}


@book{SGA1,
   author = {Alexander Grothendieck},
   year = {1971},
   title = {Revêtements \'{E}tales et Groupe Fondamental},
   publisher = {Springer-Verlag},
   series={Lecture Notes in Mathematics},
   address = {Berlin},
   number = {},
   volume={224},
   edition = {},
   note = {S\'{e}minaire de G\'{e}om\'{e}trie Alg\'{e}brique du Bois Marie 1960-61 (SGA 1). Dirig\'{e} par A. Grothendieck. Augment\'{e} de deux expos\'{e}s de Mme. M. Raynaud}
}

%REDO:


%book{Example444,
%   author = {},
%   year = {},
%   title = {},
%   publisher = {},
%   series={},
%   address = {},
%   number = {},
%   volume={},
%   edition = {},
%   note = {}
%}



%This is good:
%ARTICLE:



@article{FF11,
	author = {Laurent Fargues and  Jean-Marc Fontaine},
	title = {Courbes et fibr\'es vectoriels en th\'eorie de Hodge p-adique},
	journal = {Ast\'erisque},
	volume = {406},
	number = {},
	pages = {},
	year = {2018},
	note = {With a preface by Pierre Colmez}
}


@article{LT65,
   author={Jonathan Lubin and John Tate},
   title={Formal Complex Multiplication in Local Fields},
   journal={Annals of Mathematics},
   volume={81},
   number={2},
   pages={380-387},
   year={1965},
   note ={}
}



@article{Huber93,
   author={Roland Huber},
   title={Continuous valuations},
   journal={Mathematische Zeitschrift},
   volume={212},
   number={},
   pages={455-477},
   year={1993},
   note ={}
}


@article{Huber94,
   author={Roland Huber},
   title={A generalization of formal schemes and rigid analytic varieties},
   journal={Mathematische Zeitschrift},
   volume={217},
   number={},
    pages={513-551},
   year={1994},
   note ={}
}


@article{Kedlaya19,
   author={Kiran S. Kedlaya},
   title={On commutative nonarchimedean Banach fields},
   journal={Documenta Mathematica},
   volume={23},
   number={},
   pages={171-188},
   year={2018},
   note ={}
}

@misc{KL15,
    author={Kiran S. Kedlaya and Ruochuan Liu},
    title={Relative $p$-adic Hodge theory: Foundations}, 
    howpublished = {arXiv:1301.0792},
    year={2015},
    note={}
}


@article{SWModuli13,
   author={Peter Scholze and Jared Weinstein},
   title={Moduli of $p$-divisible groups},
   journal={Cambridge Journal of Mathematics},
   volume={1},
   number={2},
   pages={145-237},
   year={2013},
   note ={}
}


@article{Fargues15,
   author={Laurent Fargues},
   title= {Quelques r\'esultats et conjectures concernant la courbe},
   journal= {Ast\'erisque},
   volume= {369},
   number= {},
   pages= {325-374},
   year= {2015},
   note = {}
}

@article{Berkovich93,
   author={Vladimir G. Berkovich},
   title={\'{E}tale cohomology for non-Archimedean analytic spaces},
   journal={Publications Math\'ematiques de l'IH\'ES},
   volume={78},
   number={},
   pages={5-161},
   year={1993},
   note ={}
}

@article{Scholze12,
   author={Peter Scholze},
   title={Perfectoid Spaces},
   journal={Publications Math\'ematiques de l'IH\'ES},
   volume={116},
   number={},
   pages={245-313},
   year={2012},
   note ={}
}

@incollection{Fontaine13,
     author={Jean-Marc Fontaine},
     title={Perfecto{\"\i}des, presque puret\'e et monodromie-poids [d'apr\`es Peter Scholze]},
     booktitle={S\'eminaire Bourbaki volume 2011/2012 expos\'es 1043-1058},
     series={Ast\'erisque},
     publisher={Soci\'et\'e math\'ematique de France},
     number={352},
     volume={},
     year={2013},
     pages={},
     note={}
}




@misc{FS2021,
    author={Laurent Fargues and Peter Scholze},
    title={Geometrization of the local Langlands correspondence}, 
    howpublished = {arXiv:2102.13459},
    year={2021},
    note={}
}



@misc{Scholzeetcoh21,
   author={Peter Scholze},
   title={\'{E}tale cohomology of diamonds},
   howpublished = {arXiv:1709.07343},
    year={2021},
    note={}
}




@article{Weinstein16,
   author={Jared Weinstein},
   title={{$\mathrm{Gal}(\overline{\mathbb{Q}}_p/\mathbb{Q}_p)$} as a geometric fundamental group},
   journal={International Mathematics Research Notices},
   volume={},
   number={10},
   pages={2964–2997},
   year={2017},
   note ={}
}


@misc{Weinstein13,
    author={Jared Weinstein},
    title={Formal vector spaces over a local field of positive characteristic},
    howpublished = {arXiv:1207.6424},
    year={2012},
    note={}
}




@unpublished{Morel19,
   title = {Adic spaces},
   author={Sophie Morel},
   year={2019},
   note = {Retrieved from author's webpage}
}



@unpublished{Hansen16,
   title = {Notes on diamonds},
   author={David Hansen},
   year={2016},
   note = {Retrieved from author's webpage}
}

@article{DingOuyang-DM,
   author={Yiwen Ding and Yi Ouyang},
   title={A simple proof of Dieudonn\'e-Manin classification theorem},
   journal={Acta Mathematica Sinica, English Series},
   volume={28},
   number={},
   pages={1553–1558},
   year={2012},
   note ={}
}





